@article{paper_f_HDGM,
	title={D-STEM v2: A software for modelling functional spatio-temporal data},
	author={Wang, Yaqiong and Finazzi, Francesco and Fass{\`o}, Alessandro},
	journal={arXiv preprint arXiv:2101.11370},
	year={2021}
}
@article{paper_EM_algorithm,
  title={The expectation maximization algorithm: A short tutorial. 2004},
  author={Borman, Sean},
  journal={Unpublished paper available at http://www. seanborman. com/publications},
  year={2012}
}
@article{paper_FDA_toolbox,
	title={Some tools for functional data analysis},
	author={Ramsay, James O and Dalzell, CJ1125714},
	journal={Journal of the Royal Statistical Society Series B: Statistical Methodology},
	volume={53},
	number={3},
	pages={539--561},
	year={1991},
	publisher={Oxford University Press}
}
@article{paper_GPM,
	title={Geostatistical modeling in the presence of interaction between the measuring instruments, with an application to the estimation of spatial market potentials},
	author={Finazzi, Francesco},
	journal={The Annals of Applied Statistics},
	pages={81--101},
	year={2013},
	publisher={JSTOR}
}
@book{paper_TS_book,
	title={Time series analysis and its applications},
	author={Shumway, Robert H and Stoffer, David S and Stoffer, David S},
	volume={3},
	year={2000},
	publisher={Springer}
}@article{paper_GRASPA,
title={EM estimation of a multivariate space-time data fusion model with varying coefficients},
author={Finazzi, Francesco and Fasso, Alessandro and others},
journal={GRASPA WORKING PAPERS},
volume={47},
year={2013},
publisher={Universit{\`a} degli studi di Bergamo}
}
@article{paper_HDGM,
  title={Maximum likelihood estimation of the multivariate hidden dynamic geostatistical model with application to air quality in Apulia, Italy},
  author={Calculli, Crescenza and Fass{\`o}, Alessandro and Finazzi, Francesco and Pollice, Alessio and Turnone, Annarita},
  journal={Environmetrics},
  volume={26},
  number={6},
  pages={406--417},
  year={2015},
  publisher={Wiley Online Library}
}
@article{paper_bike_sharing_e_ambiente,
  title={Environmental benefits of bike sharing: A big data-based analysis},
  author={Zhang, Yongping and Mi, Zhifu},
  journal={Applied energy},
  volume={220},
  pages={296--301},
  year={2018},
  publisher={Elsevier}
}
@article{paper_bike_sharing_e_popolazione,
  title={Exploring the multiscale relationship between the built environment and the metro-oriented dockless bike-sharing usage},
  author={Li, Zhitao and Shang, Yuzhen and Zhao, Guanwei and Yang, Muzhuang},
  journal={International Journal of Environmental Research and Public Health},
  volume={19},
  number={4},
  pages={2323},
  year={2022},
  publisher={MDPI}
}
@article{paper_bike_sharing_e_meteo,
  title={The impact of weather conditions on bikeshare trips in Washington, DC},
  author={Gebhart, Kyle and Noland, Robert B},
  journal={Transportation},
  volume={41},
  pages={1205--1225},
  year={2014},
  publisher={Springer}
}
@article{paper_bike_sharing_Otto,
  title={The Helsinki Bike-Sharing Systemâ€”Insights Gained from a Spatiotemporal Functional Model},
  author={Piter, Andreas and Otto, Philipp and Alkhatib, Hamza},
  journal={Journal of the Royal Statistical Society Series A: Statistics in Society},
  volume={185},
  number={3},
  pages={1294--1318},
  year={2022},
  publisher={Oxford University Press}
}
@article{paper_bike_sharing_e_covid,
  title={Impacts of COVID-19 on bike-sharing usages in Seoul, South Korea},
  author={Jiao, Junfeng and Lee, Hye Kyung and Choi, Seung Jun},
  journal={Cities},
  volume={130},
  pages={103849},
  year={2022},
  publisher={Elsevier}
}